@article{HEWISH_1969,
  doi = {10.1038/224472b0},
  url = {http://dx.doi.org/10.1038/224472b0},
  year = {1969},
  month = {nov},
  publisher = {Nature Publishing Group},
  volume = {224},
  number = {5218},
  pages = {472--472},
  author = {A. HEWISH and S. J. BELL and J. D. H. PILKINGTON and P. F. SCOTT and R. A. COLLINS},
  title = {{Observation of a Rapidly Pulsating Radio Source (Reprinted from Nature February 24, 1968)}},
  journal = {Nature},
}
